@misc{composer:docs:intro,
   author = "Composer Community",
   title = "Introduction - Composer",
   year = "2017",
   url = \url{https://getcomposer.org/doc/00-intro.md},
   lastchecked = {21.04.2017} }
@misc{tyinternety:rohlik-billion,
   author = "Matt Jedlička",
   title = "Rohlik.cz loni prodal zboží za miliardu, letos chce konečně zisk",
   year = "2017",
   url = \url{http://tyinternety.cz/e-commerce/rohlik-cz-loni-dosahl-na-miliardovy-obrat-letos-chce-konecne-zisk/},
   lastchecked = {21.04.2017} }
@misc{packagist:kdyby,
   title = "Packages from kdyby - Packagist",
   year = "2017",
   url = \url{https://packagist.org/packages/kdyby/},
   lastchecked = {21.04.2017} }
@misc{packagist:homepage,
   title = "Packages from kdyby - Packagist",
   year = "2017",
   url = \url{https://packagist.org/},
   lastchecked = {21.04.2017} }
@misc{wiki:php,
   author = "Wikipedia",
   title = "PHP --- Wikipedia, The Free Encyclopedia",
   year = "2017",
   url = \url{https://en.wikipedia.org/w/index.php?title=PHP&oldid=775984544},
   note = "[Online; accessed 21-April-2017]" }
@misc{wiki:oss,
   author = "Wikipedia",
   title = "Open-source software --- Wikipedia, The Free Encyclopedia",
   year = "2017",
   url = \url{https://en.wikipedia.org/w/index.php?title=Open-source_software&oldid=776201239},
   note = "[Online; accessed 21-April-2017]" }
@misc{wiki:cms,
   author = "Wikipedia",
   title = "Content management system --- Wikipedia, The Free Encyclopedia",
   year = "2017",
   url = \url{https://en.wikipedia.org/w/index.php?title=Content_management_system&oldid=775559667},
   note = "[Online; accessed 21-April-2017]" }
@misc{wiki:fsl,
   author = "Wikipedia",
   title = "Free software license --- Wikipedia, The Free Encyclopedia",
   year = "2017",
   url = \url{https://en.wikipedia.org/w/index.php?title=Free_software_license&oldid=776336813},
   note = "[Online; accessed 21-April-2017]" }
@misc{wiki:git,
   author = "Wikipedia",
   title = "Git --- Wikipedia, The Free Encyclopedia",
   year = "2017",
   url = \url{https://en.wikipedia.org/w/index.php?title=Git&oldid=776025211},
   note = "[Online; accessed 21-April-2017]" }
@misc{wiki:vcs,
   author = "Wikipedia",
   title = "Distributed version control --- Wikipedia, The Free Encyclopedia",
   year = "2017",
   url = \url{https://en.wikipedia.org/w/index.php?title=Distributed_version_control&oldid=775245225},
   note = "[Online; accessed 21-April-2017]" }
@misc{wiki:package-manager,
   author = "Wikipedia",
   title = "Package manager --- Wikipedia, The Free Encyclopedia",
   year = "2017",
   url = \url{https://en.wikipedia.org/w/index.php?title=Package_manager&oldid=775128084},
   note = "[Online; accessed 21-April-2017]" }
@misc{wiki:json,
   author = "Wikipedia",
   title = "JSON --- Wikipedia, The Free Encyclopedia",
   year = "2017",
   url = \url{https://en.wikipedia.org/w/index.php?title=JSON&oldid=775860167},
   note = "[Online; accessed 21-April-2017]" }
@misc{wiki:nette,
   author = "Wikipedia",
   title = "Nette Framework --- Wikipedia, The Free Encyclopedia",
   year = "2017",
   url = \url{https://en.wikipedia.org/w/index.php?title=Nette_Framework&oldid=766339218},
   note = "[Online; accessed 21-April-2017]" }
@misc{wiki:doctrine,
   author = "Wikipedia",
   title = "Doctrine (PHP) --- Wikipedia, The Free Encyclopedia",
   year = "2016",
   url = \url{https://en.wikipedia.org/w/index.php?title=Doctrine_(PHP)&oldid=757640717},
   note = "[Online; accessed 21-April-2017]" }
@misc{wiki:orm,
   author = "Wikipedia",
   title = "Object-relational mapping --- Wikipedia, The Free Encyclopedia",
   year = "2017",
   url = \url{https://en.wikipedia.org/w/index.php?title=Object-relational_mapping&oldid=769454010},
   note = "[Online; accessed 21-April-2017]" }
@misc{wiki:oop,
   author = "Wikipedia",
   title = "Object-oriented programming --- Wikipedia, The Free Encyclopedia",
   year = "2017",
   url = \url{https://en.wikipedia.org/w/index.php?title=Object-oriented_programming&oldid=775231020},
   note = "[Online; accessed 21-April-2017]" }
@misc{wiki:symfony,
   author = "Wikipedia",
   title = "Symfony --- Wikipedia, The Free Encyclopedia",
   year = "2017",
   url = \url{https://en.wikipedia.org/w/index.php?title=Symfony&oldid=769598534},
   note = "[Online; accessed 21-April-2017]" }
@misc{monolog:readme,
   author = "Jordi Boggiano",
   title = "Monolog - Logging for PHP",
   year = "2017",
   url = \url{https://seldaek.github.io/monolog/},
   lastchecked = {21.04.2017} }
@misc{fig:psr,
   author = "PHP Framework Interop Group",
   title = "PHP Standards Recommendations",
   year = "2017",
   url = \url{http://www.php-fig.org/psr/},
   lastchecked = {21.04.2017} }
@misc{wiki:rabbitmq,
   author = "Wikipedia",
   title = "RabbitMQ --- Wikipedia, The Free Encyclopedia",
   year = "2017",
   url = \url{https://en.wikipedia.org/w/index.php?title=RabbitMQ&oldid=774630105},
   note = "[Online; accessed 21-April-2017]" }
@misc{wiki:elasticsearch,
   author = "Wikipedia",
   title = "Elasticsearch --- Wikipedia, The Free Encyclopedia",
   year = "2017",
   url = \url{https://en.wikipedia.org/w/index.php?title=Elasticsearch&oldid=776540688},
   note = "[Online; accessed 21-April-2017]" }
@misc{wiki:redis,
   author = "Wikipedia",
   title = "Redis --- Wikipedia, The Free Encyclopedia",
   year = "2017",
   url = \url{https://en.wikipedia.org/w/index.php?title=Redis&oldid=774326024},
   note = "[Online; accessed 21-April-2017]" }
@misc{github:phpstan,
   author = "Ondřej Mirtes",
   title = "PHPStan - PHP Static Analysis Tool",
   year = "2017",
   url = \url{https://github.com/phpstan/phpstan},
   lastchecked = {21.04.2017} }
@misc{tester:docs,
   author = "David Grudl",
   title = "Nette Tester – enjoyable unit testing",
   year = "2017",
   url = \url{https://tester.nette.org/en/},
   lastchecked = {21.04.2017} }
@misc{wiki:unit-testing,
   author = "Wikipedia",
   title = "Unit testing --- Wikipedia, The Free Encyclopedia",
   year = "2017",
   url = \url{https://en.wikipedia.org/w/index.php?title=Unit_testing&oldid=773620225},
   note = "[Online; accessed 21-April-2017]" }
@misc{fowler:di,
   author = "Martin Fowler",
   title = "Inversion of Control Containers and the Dependency Injection pattern",
   year = "2004",
   url = \url{https://martinfowler.com/articles/injection.html},
   lastchecked = {21.04.2017} }
@misc{wiki:aop,
   author = "Wikipedia",
   title = "Aspect-oriented programming --- Wikipedia, The Free Encyclopedia",
   year = "2016",
   url = \url{https://en.wikipedia.org/w/index.php?title=Aspect-oriented_programming&oldid=751829822},
   note = "[Online; accessed 21-April-2017]" }

@book{latex,
  title={\LaTeX},
  month={March},
  year={2013},
  publisher={Wikibooks.org},
  url={http://en.wikibooks.org/wiki/LaTeX},
  urldate={2015-05-03}}
@manual{veryshortlatex,
  title={The very short guide to typesetting with \LaTeX{}},
  month={January},
  year={2013},
  publisher={Silmaril Consultants},
  url={http://tug.ctan.org/info/latex-veryshortguide/veryshortguide.pdf},
  urldate={2015-05-03}}
@manual{shortlatex,
  title={A short introduction to \LaTeX{}},
  month={December},
  year={1995},
  author={Allin Cottrell},
  url={http://ricardo.ecn.wfu.edu/~cottrell/ecn297/latex_tut.pdf},
  urldate={2015-05-03}}
@manual{longlatex,
  author={Tobias Oetiker and Hubert Partl and Irene Hyna and Elisabeth Schlegl},
  title={The Not So Short Introduction to \LaTeXe\ or \LaTeXe\ in
    157 minutes},
  year={2014},
  month={October},
  url={http://tobi.oetiker.ch/lshort/lshort.pdf},
  urldate={2015-05-03}}
@book{rybicka03,
  author={Jiří Rybička},
  edition={3},
  title={\LaTeX\ pro začátečníky},
  publisher={Konvoj},
  place={Brno},
  year={2003},
  isbn={80-7302-049-1}}
@manual{satrapa11,
  author={Pavel Satrapa},
  title={\LaTeX\ pro pragmatiky},
  place={Liberec},
  year={2011},
  month={June},
  url={http://mirror.ctan.org/info/czech/latex-pro-pragmatiky/latex-pro-pragmatiky.pdf},
  urldate={2015-05-03}}
@manual{novotny15,
  author={Vít Novotný and Daniel Marek and Jan Pavlovič and Petr
    Sojka},
  title={The \textsf{fithesis3} class for the typesetting of theses
    written at the Masaryk University in Brno},
  place={Brno},
  year={2015},
  url={http://mirrors.ctan.org/macros/latex/contrib/fithesis/fithesis.pdf},
  urldate={2015-11-11}}
